@article{young2019psychology,
  title={The psychology of state repression: Fear and dissent decisions in Zimbabwe},
  author={Young, Lauren E},
  journal={American Political Science Review},
  volume={113},
  number={1},
  pages={140--155},
  year={2019},
  publisher={Cambridge University Press}
}